@misc{AlgorithmicRecourseDynamics.jl,
	author  = {Patrick Altmeyer},
	title   = {AlgorithmicRecourseDynamics.jl},
	url     = {https://github.com/pat-alt/AlgorithmicRecourseDynamics.jl},
	version = {v0.1.0},
	year    = {2022},
	month   = {7}
}
